@inproceedings{knight2015safety,
  title={A safety condition monitoring system},
  author={Knight, John and Rowanhill, Jonathan and Xiang, Jian},
  booktitle={Computer Safety, Reliability, and Security: SAFECOMP 2015 Workshops, ASSURE, DECSoS. ISSE, ReSA4CI, and SASSUR, Delft, The Netherlands, September 22, 2015, Proceedings 34},
  pages={83--94},
  year={2015},
  organization={Springer}
}
