@incollection{knight2016rigorous,
  title={A rigorous definition of cyber-physical systems},
  author={Knight, John and Xiang, Jian and Sullivan, Kevin},
  booktitle={Trustworthy Cyber-Physical Systems Engineering},
  pages={73--100},
  year={2016},
  publisher={Chapman and Hall/CRC}
}
