@inproceedings{xiang2007srem,
  title={Srem: A service requirements elicitation mechanism based on ontology},
  author={Xiang, Jian and Liu, Lin and Qiao, Wei and Yang, Jingwei},
  booktitle={31st Annual International Computer Software and Applications Conference (COMPSAC 2007)},
  volume={1},
  pages={196--203},
  year={2007},
  organization={IEEE}
}
