@inproceedings{xiang2021relational,
  title={Relational Analysis of Sensor Attacks on Cyber-Physical Systems},
  author={Xiang, Jian and Fulton, Nathan and Chong, Stephen},
  booktitle={2021 IEEE 34th Computer Security Foundations Symposium (CSF)},
  pages={1--16},
  year={2021},
  organization={IEEE}
}
