@inproceedings{xiang2017my,
  title={Is My Software Consistent with the Real World?},
  author={Xiang, Jian and Knight, John and Sullivan, Kevin},
  booktitle={2017 IEEE 18th International Symposium on High Assurance Systems Engineering (HASE)},
  pages={1--4},
  year={2017},
  organization={IEEE}
}
