@inproceedings{xiang2016synthesis,
  title={Synthesis of logic interpretations},
  author={Xiang, Jian and Knight, John and Sullivan, Kevin},
  booktitle={2016 IEEE 17th International Symposium on High Assurance Systems Engineering (HASE)},
  pages={114--121},
  year={2016},
  organization={IEEE}
}
