@inproceedings{chong2023quantitative,
  title={Quantitative Robustness Analysis of Sensor Attacks on Cyber-Physical Systems},
  author={Chong, Stephen and Lanotte, Ruggero and Merro, Massimo and Tini, Simone and Xiang, Jian},
  booktitle={Proceedings of the 26th ACM International Conference on Hybrid Systems: Computation and Control},
  pages={1--12},
  year={2023}
}
