@article{xiang2024measuring,
  title={Measuring Robustness in Cyber-Physical Systems under Sensor Attacks},
  author={Xiang, Jian and Lanotte, Ruggero and Tini, Simone and Chong, Stephen and Merro, Massimo},
  journal={arXiv preprint arXiv:2403.05829},
  year={2024}
}
