@inproceedings{xiang2021co,
  title={Co-Inflow: Coarse-grained Information Flow Control for Java-like Languages},
  author={Xiang, Jian and Chong, Stephen},
  booktitle={2021 IEEE Symposium on Security and Privacy (SP)},
  pages={18--35},
  year={2021},
  organization={IEEE}
}
