@inproceedings{xiang2015real,
  title={Real-world types and their application},
  author={Xiang, Jian and Knight, John and Sullivan, Kevin},
  booktitle={Computer Safety, Reliability, and Security: 34th International Conference, SAFECOMP 2015, Delft, The Netherlands, September 23-25, 2015, Proceedings 34},
  pages={471--484},
  year={2015},
  organization={Springer}
}
