@phdthesis{xiang2016interpreted,
  title={Interpreted Formalism: Towards System Assurance and the Real-World Semantics of Software},
  author={Xiang, Jian},
  year={2016},
  school={University of Virginia}
}
